<?xml version="1.0" encoding="UTF-8"?><collection xmlns="http://www.loc.gov/MARC21/slim"><record><leader>00626nam--2200181-i-4500</leader><controlfield tag="001">000001683</controlfield><controlfield tag="002">20161230</controlfield><controlfield tag="005">20161230201024</controlfield><controlfield tag="008">060222s1000------------r-----000-0-fre-d</controlfield><datafield ind1=" " ind2=" " tag="040"><subfield code="a">IFIN-HH</subfield></datafield><datafield ind1=" " ind2=" " tag="041"><subfield code="a">fre</subfield></datafield><datafield ind1=" " ind2=" " tag="080"><subfield code="a">015:535.33-1:539.196.3</subfield></datafield><datafield ind1="1" ind2=" " tag="100"><subfield code="a">Dorval, Patrick</subfield></datafield><datafield ind1="1" ind2="0" tag="245"><subfield code="a">Contribution a l'etude par spectroscopie infrarouge des interactions moleculaires faibles. influence des solvants sur les vibrateurs c-h de quelques molecules cycliques</subfield><subfield code="b">These</subfield><subfield code="c">Patrick dorval</subfield></datafield><datafield ind1=" " ind2=" " tag="260"><subfield code="a">Brest</subfield><subfield code="b">Universite De Bretagne Occidentale</subfield><subfield code="c">1971</subfield></datafield><datafield ind1=" " ind2=" " tag="300"><subfield code="a">138 P</subfield></datafield><datafield ind1=" " ind2=" " tag="852"><subfield code="a">38126</subfield><subfield code="c">535.33</subfield></datafield><datafield ind1=" " ind2=" " tag="CAT"><subfield code="a">Sys</subfield><subfield code="c">20101206</subfield><subfield code="h">124103</subfield></datafield></record></collection>